@misc{WCAG,
    key = {1},
    title = {Web Content Accessibility Guide},
    howpublished = {\url{https://www.w3.org/WAI/standards-guidelines/wcag/}},
    note = {Accessed: 2021-02-10}
},
@misc{ChessRules,
    key = {2},
    title = {Rules of Chess},
    howpublished = {\url{https://en.wikipedia.org/wiki/Rules\_of\_chess}},
    note = {Accessed: 2021-02-10}
}
@misc{ChessHistory,
    key = {3},
    title = {History of Chess Sets and Symbols},
    howpublished = {\url{https://www.chesscentral.com/pages/chess-sets-pieces-boards/a-history-of-chess-pieces-and-chess-sets.html}},
    note = {Accessed: 2021-02-10}
},
@misc{AirbnbStyle,
    key = {4},
    title = {Airbnb JavaScript Style Guide},
    howpublished = {\url{https://airbnb.io/javascript/react/}},
    note = {Accessed: 2021-02-10}
}
